<mx:record xmlns="http://www.w3.org/TR/xhtml1/strict" xmlns:mx="http://www.loc.gov/MARC21/slim" xmlns:xsi="http://www.w3.org/2001/XMLSchema-instance"><mx:leader>00000cz   2200000n  4500</mx:leader><mx:controlfield tag="001">oca00987973 </mx:controlfield><mx:controlfield tag="005">20020215111004.0</mx:controlfield><mx:controlfield tag="008">831028n| acannaabn          |a aaa      </mx:controlfield><mx:datafield ind1=" " ind2=" " tag="010"><mx:subfield code="a">n  83164845</mx:subfield></mx:datafield><mx:datafield ind1=" " ind2=" " tag="040"><mx:subfield code="a">DLC</mx:subfield><mx:subfield code="c">DLC</mx:subfield><mx:subfield code="d">DLC</mx:subfield><mx:subfield code="d">CU</mx:subfield><mx:subfield code="d">OCoLC</mx:subfield><mx:subfield code="d">DLC</mx:subfield><mx:subfield code="d">OCoLC</mx:subfield><mx:subfield code="d">DLC</mx:subfield></mx:datafield><mx:datafield ind1="1" ind2=" " tag="100"><mx:subfield code="a">Philoponus, John,</mx:subfield><mx:subfield code="d">6th cent.</mx:subfield></mx:datafield><mx:datafield ind1="0" ind2=" " tag="400"><mx:subfield code="a">John Philoponus,</mx:subfield><mx:subfield code="d">6th cent.</mx:subfield></mx:datafield><mx:datafield ind1="1" ind2=" " tag="400"><mx:subfield code="a">Philoponus, Iohannes,</mx:subfield><mx:subfield code="d">6th cent.</mx:subfield></mx:datafield><mx:datafield ind1="0" ind2=" " tag="400"><mx:subfield code="a">Iohannes Philoponus,</mx:subfield><mx:subfield code="d">6th cent.</mx:subfield></mx:datafield><mx:datafield ind1="1" ind2=" " tag="400"><mx:subfield code="a">Philoponos, Iōannēs,</mx:subfield><mx:subfield code="d">6th cent.</mx:subfield></mx:datafield><mx:datafield ind1="0" ind2=" " tag="400"><mx:subfield code="a">Iōannēs,</mx:subfield><mx:subfield code="c">Alexandreus,</mx:subfield><mx:subfield code="d">6th cent.</mx:subfield></mx:datafield><mx:datafield ind1="1" ind2=" " tag="400"><mx:subfield code="a">Philoponos, Johannes,</mx:subfield><mx:subfield code="d">6th cent.</mx:subfield></mx:datafield><mx:datafield ind1="0" ind2=" " tag="400"><mx:subfield code="a">Johannes Philoponos,</mx:subfield><mx:subfield code="d">6th cent.</mx:subfield></mx:datafield><mx:datafield ind1="1" ind2=" " tag="400"><mx:subfield code="a">Philopon, Jean,</mx:subfield><mx:subfield code="d">6th cent.</mx:subfield></mx:datafield><mx:datafield ind1="0" ind2=" " tag="400"><mx:subfield code="a">Jean Philopon,</mx:subfield><mx:subfield code="d">6th cent.</mx:subfield></mx:datafield><mx:datafield ind1="0" ind2=" " tag="400"><mx:subfield code="a">Joannes Philoponus,</mx:subfield><mx:subfield code="d">6th cent.</mx:subfield></mx:datafield><mx:datafield ind1="1" ind2=" " tag="400"><mx:subfield code="a">Philoponus, Joannes,</mx:subfield><mx:subfield code="d">6th cent.</mx:subfield></mx:datafield><mx:datafield ind1="0" ind2=" " tag="400"><mx:subfield code="a">Iohannis Caesariensis,</mx:subfield><mx:subfield code="d">6th cent.</mx:subfield></mx:datafield><mx:datafield ind1="1" ind2=" " tag="400"><mx:subfield code="a">Filopono, Giovanni,</mx:subfield><mx:subfield code="d">6th cent.</mx:subfield></mx:datafield><mx:datafield ind1="0" ind2=" " tag="500"><mx:subfield code="a">Pseudo-Johannes Philoponus</mx:subfield></mx:datafield><mx:datafield ind1=" " ind2=" " tag="667"><mx:subfield code="a">Old catalog hdg.: John, the Grammarian, of Caesarea, fl. 510-520</mx:subfield></mx:datafield><mx:datafield ind1=" " ind2=" " tag="667"><mx:subfield code="a">Old catalog hdg.: Joannes Philoponus</mx:subfield></mx:datafield><mx:datafield ind1=" " ind2=" " tag="670"><mx:subfield code="a">His On the accent of homonyms, 1983:</mx:subfield><mx:subfield code="b">t.p. (Iohannes Philoponus) added t.p. (Iohannis Philoponi) p. 3, etc. (Ioannou Alexandreos, grammatikou; Iohannis Philoponi)</mx:subfield></mx:datafield><mx:datafield ind1=" " ind2=" " tag="670"><mx:subfield code="a">Encycl. Brit.</mx:subfield><mx:subfield code="b">(Philoponus, John, also known as John the Grammarian, fl. 6th cent., Greek Christian theologian, philosopher)</mx:subfield></mx:datafield><mx:datafield ind1=" " ind2=" " tag="670"><mx:subfield code="a">Papyros-Larous.</mx:subfield><mx:subfield code="b">(Philoponos Iōannēs, Alexandrinos theologos kai grammatikos)</mx:subfield></mx:datafield><mx:datafield ind1=" " ind2=" " tag="670"><mx:subfield code="a">Krumbacher. index</mx:subfield><mx:subfield code="b">(Philoponos Johannes) p. 581 (Johannes Philoponos)</mx:subfield></mx:datafield><mx:datafield ind1=" " ind2=" " tag="670"><mx:subfield code="a">New Cath. encyc., c1967</mx:subfield><mx:subfield code="b">(John Philoponus)</mx:subfield></mx:datafield><mx:datafield ind1=" " ind2=" " tag="670"><mx:subfield code="a">John, the Grammarian, of Caesarea. Iohannis Caesariensis presbyteri et grammatici Opera quae supersunt, 1977:</mx:subfield><mx:subfield code="b">p. v, etc. (Jean de Césarée, active just before 518, was prev. confused with John Philoponus)</mx:subfield></mx:datafield><mx:datafield ind1=" " ind2=" " tag="670"><mx:subfield code="a">His Le commentaire de Jean Philopon ... 1934:</mx:subfield><mx:subfield code="b">t.p. (Jean Philopon)</mx:subfield></mx:datafield><mx:datafield ind1=" " ind2=" " tag="670"><mx:subfield code="a">LC manual cat.</mx:subfield><mx:subfield code="b">(hdg.: Joannes Philoponus)</mx:subfield></mx:datafield><mx:datafield ind1=" " ind2=" " tag="670"><mx:subfield code="a">Pseudo-Johannis Philoponi Expositiones in omnes XIV Aristotelis Libros metaphysicos, 1991.</mx:subfield></mx:datafield><mx:datafield ind1=" " ind2=" " tag="670"><mx:subfield code="a">Giovanni Filopono, matematico, 1999:</mx:subfield><mx:subfield code="b">p. 4 of cover (Giovanni il Grammatico, soprannominato Filopono)</mx:subfield></mx:datafield><mx:datafield ind1=" " ind2=" " tag="999"><mx:subfield code="a">34193</mx:subfield></mx:datafield></mx:record>